[gd_scene load_steps=17 format=2]

[ext_resource path="res://src/entitys/Rocket.gd" type="Script" id=1]
[ext_resource path="res://assets/sounds/thrusters.wav" type="AudioStream" id=2]
[ext_resource path="res://assets/images/rocket_off.png" type="Texture" id=3]
[ext_resource path="res://assets/sounds/explosion.wav" type="AudioStream" id=5]

[sub_resource type="Gradient" id=1]
offsets = PoolRealArray( 0, 0.613003, 1 )
colors = PoolColorArray( 0.913725, 0.913725, 0.180392, 1, 0.882353, 0.32549, 0.0588235, 1, 1, 0, 0, 1 )

[sub_resource type="GradientTexture" id=2]
gradient = SubResource( 1 )

[sub_resource type="Curve" id=3]
min_value = -200.0
max_value = 200.0
_data = [ Vector2( 0.017341, 149.091 ), 0.0, 0.0, 0, 0, Vector2( 0.239884, -120 ), -148.021, -148.021, 0, 0, Vector2( 1, -170.909 ), 0.0, 0.0, 0, 0 ]

[sub_resource type="CurveTexture" id=4]
curve = SubResource( 3 )

[sub_resource type="Curve" id=5]
max_value = 2.0
_data = [ Vector2( 0.00867052, 2.25455 ), 0.0, 0.0, 0, 0, Vector2( 0.627168, 1.23636 ), -4.19394, -4.19394, 0, 0, Vector2( 1, 0.618182 ), 0.0, 0.0, 0, 0 ]

[sub_resource type="CurveTexture" id=6]
curve = SubResource( 5 )

[sub_resource type="ParticlesMaterial" id=7]
emission_shape = 1
emission_sphere_radius = 9.78
flag_disable_z = true
spread = 180.0
gravity = Vector3( 0, 0, 0 )
initial_velocity = 100.0
orbit_velocity = 0.0
orbit_velocity_random = 0.0
linear_accel = 100.0
linear_accel_curve = SubResource( 4 )
scale = 3.0
scale_random = 1.0
scale_curve = SubResource( 6 )
color_ramp = SubResource( 2 )

[sub_resource type="Gradient" id=8]
colors = PoolColorArray( 1, 0.972549, 0.12549, 1, 1, 0.145098, 0, 1 )

[sub_resource type="GradientTexture" id=9]
gradient = SubResource( 8 )

[sub_resource type="Curve" id=10]
max_value = 3.0
_data = [ Vector2( 0.00578035, 2.78182 ), 0.0, 0.0, 0, 0, Vector2( 1, 0.388636 ), 0.0, 0.0, 0, 0 ]

[sub_resource type="CurveTexture" id=11]
curve = SubResource( 10 )

[sub_resource type="ParticlesMaterial" id=12]
emission_shape = 2
emission_box_extents = Vector3( 2, 10, 1 )
flag_disable_z = true
spread = 10.19
gravity = Vector3( 0, 0, 0 )
initial_velocity = 323.29
initial_velocity_random = 0.23
orbit_velocity = 0.0
orbit_velocity_random = 0.0
scale_curve = SubResource( 11 )
color_ramp = SubResource( 9 )

[node name="Rocket" type="RigidBody2D"]
collision_layer = 3
collision_mask = 3
script = ExtResource( 1 )

[node name="off" type="Sprite" parent="."]
scale = Vector2( 0.5, 0.5 )
texture = ExtResource( 3 )

[node name="sound" type="AudioStreamPlayer2D" parent="."]
stream = ExtResource( 2 )
volume_db = -16.366

[node name="CollisionPolygon2D" type="CollisionPolygon2D" parent="."]
position = Vector2( 0.285904, 0.526031 )
scale = Vector2( 0.5, 0.5 )
polygon = PoolVector2Array( -47.4568, 87.2496, -33.0989, 87.0919, -31.8642, 57.5274, -25.2051, 49.9169, -16.4055, 67.9917, -3.32504, 68.2296, -6.90758, 85.9874, 6.03032, 85.5141, 2.62062, 78.9318, 2.85844, 68.4674, 15.7011, 67.9917, 24.025, 50.3926, 29.9707, 57.5274, 32.349, 87.2557, 46.8095, 87.2057, 43.0511, 79.6452, 54.9425, 39.6904, 54.229, 22.329, 45.4294, 3.06505, 33.7759, -39.5059, 23.7872, -63.7642, 7.13934, -83.0282, -0.708954, -88.736, -10.222, -80.4121, -24.7294, -62.0995, -34.956, -39.9816, -45.6582, 2.11375, -54.22, 15.1942, -55.8847, 36.5986, -50.1769, 62.5217, -43.5177, 78.9318 )

[node name="explosion" type="AudioStreamPlayer2D" parent="."]
pause_mode = 2
stream = ExtResource( 5 )

[node name="expeff" type="Particles2D" parent="."]
pause_mode = 2
emitting = false
amount = 200
one_shot = true
explosiveness = 0.5
process_material = SubResource( 7 )

[node name="thrusterParticles" type="Particles2D" parent="."]
show_behind_parent = true
position = Vector2( 1, 32 )
rotation = 1.5708
emitting = false
amount = 150
lifetime = 0.6
process_material = SubResource( 12 )
